This file was created with JabRef 2.2.
Encoding: UTF8

@MASTERSTHESIS{Blanc2005,
  author = {Blanc, Mélanie},
  title = {Modélisation du transfert des pesticides à l'échelle d'un petit bassin
	versant agricole. Application au bassin versant de Roujan (34)},
  school = {Université Montpellier II},
  year = {2005},
  address = {Montpellier},
  note = {X. Louchart},
  keywords = {diuron
	
	MHYDAS},
  owner = {},
  pages = {133},
  timestamp = {2007.11.07}
}

@PHDTHESIS{Chahinian2004,
  author = {Chahinian, N.},
  title = {Paramétrisation multi-critère et multi-échelle d'un modèle hydrologique
	spatialisé de crue en milieu agricole},
  year = {2004},
  url = {http://www.inra.fr/ea/sources/index.php?page=detail_these&id=30}
}

@ARTICLE{Chahinian2005,
  author = {Chahinian, Nanee and Moussa, Roger and Andrieux, Patrick and Voltz,
	Marc},
  title = {Comparison of infiltration models to simulate flood events at the
	field scale},
  journal = {Journal of Hydrology},
  year = {2005},
  volume = {306},
  pages = {191--214},
  number = {1-4},
  month = may,
  keywords = {Infiltration model, Runoff, Field scale, Model calibration},
  timestamp = {2007.11.07},
  url = {http://www.sciencedirect.com/science/article/B6V6C-4DW37C9-1/2/f4d2df74494cfd25becae1744c1afde2}
}

@ARTICLE{Chahinian2005a,
  author = {Chahinian, N. and Moussa, R. and Andrieux, P. and Voltz, M.},
  title = {Accounting for temporal variation in soil hydrological properties
	when simulating surface runoff on tilled plots},
  journal = {Journal of Hydrology},
  year = {2005},
  volume = {326},
  pages = {135-152},
  url = {http://dx.doi.org/10.1016/j.jhydrol.2005.10.038}
}

@MASTERSTHESIS{Christin2004,
  author = {Christin, F.},
  title = {Développement d'un modèle hydrologique pour l'évaluation de l'impact
	des pratiques d'entretien des sols à l'échelle du bassin versant
	ressource. Paramétrisation et Application au bassin versant de la
	Peyne (Hérault).},
  school = {Université Montpellier II},
  year = {2004},
  address = {Montpellier},
  keywords = {MHYDAS},
  owner = {},
  pages = {54},
  timestamp = {2007.11.07}
}



@INPROCEEDINGS{Moussa2005,
  author = {Moussa, R. and Andrieux, P. and Chahinian, N. and Floure, C. and
	Huttel, O. and Lagacherie, P. and Tilma, M. and Trotoux, G. and Voltz,
	M.},
  title = {MHYDAS : Modélisation HYdrologique Distribuée des AgroSystèmes.},
  year = {2005},
  address = {IRD, Paris},
  note = {22-23 janvier 2005},
  owner = {},
  timestamp = {2007.11.07}
}

@INPROCEEDINGS{Moussa2001,
  author = {Moussa, R. and Voltz, M. and Andrieux, P.},
  title = {MHYDAS : Une structure de Modélisation Hydrologique en AgroSystème.},
  year = {2001},
  address = {La Grande Motte},
  note = {25-30 mars},
  owner = {},
  timestamp = {2007.11.07}
}

@ARTICLE{Moussa1992,
  author = {Moussa, R. and Voltz, M. and Andrieux, P.},
  title = {Effects of the spatial organization of agricultural management on
	the hydrological behaviour of a farmed catchment during flood events},
  journal = {Hydrological Processes},
  year = {1992},
  volume = {16},
  pages = {393-412},
  url = {http://www3.interscience.wiley.com/cgi-bin/abstract/89015877/ABSTRACT}
}

@INPROCEEDINGS{Moussa2003,
  author = {Moussa, R. and Voltz, M. and Andrieux, P. and Lagacherie, P. and
	Louchart, X.},
  title = {MHYDAS : Une structure de Modélisation Hydrologique Distribuée en
	Agrosystèmes},
  year = {2003},
  address = {Banyuls, 16-18 Juin 2003},
  note = {Atelier préparatoire à la modélisation des surfaces continentales
	SEVE},
  owner = {},
  timestamp = {2007.11.07}
}

@INPROCEEDINGS{Moussa2006,
  author = {Moussa, R. and Voltz, M. and Lagacherie, P. and Louchart, X. and
	Colin, F. and Fabre, J.C.},
  title = {MHYDAS : Modélisation Hydrologique Spatialisée des AgroSystèmes -
	Spatially Distributed Hydrological Modelling of AgroSystems},
  year = {2006},
  address = {Vienne (Autriche)},
  note = {3-7 Avril 2006},
  owner = {},
  timestamp = {2007.11.07}
}

@ARTICLE{Tiemeyersubmitted,
  author = {Tiemeyer, B. and Moussa, R. and Lennartz, B. and Voltz, M.},
  title = {MHYDAS-DRAIN: A spatially distributed model for small, artificially
	drained lowland catchments},
  journal = {Ecological Modleling}
}

@MASTERSTHESIS{Tilma2003,
  author = {Tilma, M.},
  title = {Modelling overbank flow on farmed catchments taking into account
	the spatial distribution of the stream infiltration capacity},
  school = {Master of Science, Université de Wageningen Pays-Bas},
  year = {2003}
}


@PHDTHESIS{Charlier2007,
  author = {Charlier, J.-B.},
  title = {Fonctionnement et modélisation hydrologique d’un petit bassin versant
	cultivé en milieu volcanique tropical},
  school = {Univeristé Montpellier II},
  year = {2007},
  keywords = {Hydrological processes – cultivated catchment – tropical climate –
	volcanic formations – distributed model – stemflow},
  owner = {louchart},
  timestamp = {2008.05.15}
}

@PHDTHESIS{Dages2003,
  author = {Dagès, C.},
  title = {Etude et modélisation des échanges nappe-fossé dans un contexte méditerranéen},
  school = {Université Montpellier II},
  year = {2003},
  type = {DEA Sciences de l'Eau dans l'Environnement Continental},
  address = {Montpellier},
  endnotereftype = {Thesis},
  keywords = {Roujan HYDRUS bromide ditches},
  owner = {louchart},
  shorttitle = {Etude et modélisation des échanges nappe-fossé dans un contexte méditerranéen},
  timestamp = {2008.10.13}
}

@PHDTHESIS{Guesquiere2008,
  author = {Ghesquiere, J.},
  title = {Intégration des mécanismes de débordement dans la modélisation hydrologique
	spatialisée des crues en milieu agricole},
  school = {Montpellier SupAgro},
  year = {2008},
  type = {Thèse de doctorat},
  address = {Montpellier},
  endnotereftype = {Thesis},
  owner = {louchart},
  shorttitle = {Etude et modélisation des échanges nappe-fossé dans un contexte méditerranéen},
  timestamp = {2008.10.13}
}


@INCOLLECTION{Lagacherie2004,
  author = {Lagacherie, P. and Louchart, X. and Moussa, R. and Rio, P. and Causeret,
	F. and Frot, E. and Le Forner, E. and Andrieux, P. and Voltz, M.},
  title = {Essai de couplage d'un modèle hydrologique et d'un modèle agro-économique
	en vue d'analyser l'impact des mesures d'orientation de la viticulture
	méridionale sur la qualité des eaux à l'exutoire d'un bassin versant
	viticole},
  booktitle = {Organisation spatiale et conduite de culture},
  publisher = {INRA},
  year = {2004},
  editor = {Monestiez, P. and Lardon, S. and Seguin, B.},
  pages = {79-96},
  address = {Paris},
  endnotereftype = {Book Section},
  keywords = {MHYDAS diuron Roujan extraction dissipation transfer ditches},
  owner = {louchart},
  shorttitle = {Essai de couplage d'un modèle hydrologique et d'un modèle agro-économique
	en vue d'analyser l'impact des mesures d'orientation de la viticulture
	méridionale sur la qualité des eaux à l'exutoire d'un bassin versant
	viticole},
  timestamp = {2008.10.13}
}

@PHDTHESIS{LeForner2001,
  author = {Le Forner, S.},
  title = {Modélisation hydrologique des échanges surface-souterrain avec réseau
	de fossés en milieu agricole méditerranéen},
  school = {Université Montpellier II},
  year = {2001},
  type = {Thèse de Doctorat},
  address = {Montpellier},
  endnotereftype = {Thesis},
  owner = {louchart},
  shorttitle = {Modélisation hydrologique des échanges surface-souterrain avec réseau
	de fossés en milieu agricole méditerranéen},
  timestamp = {2008.10.13},
  url = {http://www.inra.fr/ea/sources/index.php?page=detail_these&id=84}
}

@ARTICLE{Lennartz2007,
  author = {Lennartz, B. and Louchart, X.},
  title = {Effect of drying on the desorption of diuron and terbuthylazine from
	natural soils},
  journal = {Environmental Pollution},
  year = {2007},
  volume = {146},
  pages = {181-187},
  note = {SORP},
  abstract = {This work was initiated to study the effects of climate induced soil
	water status variations which can reach extreme values under natural
	conditions on the sorption process of hydrophobic organic compounds.
	Based on the classical slurry batch methodology an approach is developed
	that allows the fast and careful complete drying of soil suspensions
	(microwave technique). Classical adsorption experiments were followed
	by three desorption steps with and without drying cycles. Drying
	and re-wetting enhanced the sorption–desorption hysteresis and Freundlich
	adsorption coefficients increased from 5.9 to 16 and 5.2 to 21 over
	three drying cycles for diuron and terbuthylazine respectively. Assuming
	the validity of a dual stage adsorption process, model evaluation
	suggests that drying is as a shrinking-like process leading to conformational
	changes of the dominant sorbent (soil organic matter) which restrict
	the intra-micro-particle diffusion. Rewetting only leads to a partial
	recovery of the diffusional pore space.},
  doi = {doi:10.1016/j.envpol.2006.04.040},
  endnotereftype = {Journal Article},
  file = {Lennartz2007.pdf:Lennartz2007.pdf:PDF},
  keywords = {diuron
	
	terbuthylazine
	
	drying
	
	soil organic matter
	
	desorption
	
	soil moisture content
	
	hysteresis},
  owner = {louchart},
  pdf = {Lennartz2007.pdf},
  shorttitle = {Effect of drying on the desorption of diuron and terbuthylazine from
	natural soils},
  timestamp = {2008.10.13}
}



@PHDTHESIS{Louchart1999b,
  author = {Louchart, X.},
  title = {Transfert de pesticides dans les eaux de surface aux échelles de
	la parcelle et d'un bassin versant viticole. Étude expérimentale
	et éléments de modélisation},
  school = {École Nationale Supérieure Agronomique de Montpellier},
  year = {1999},
  type = {Thèse de doctorat},
  address = {Montpellier},
  endnotereftype = {Thesis},
  keywords = {diuron simazine Roujan mediterranean},
  owner = {louchart},
  shorttitle = {Transfert de pesticides dans les eaux de surface aux échelles de la
	parcelle et d'un bassin versant viticole. Étude expérimentale et
	éléments de modélisation},
  timestamp = {2008.10.13}
}

@ARTICLE{Louchart2007,
  author = {Louchart, X. and Voltz, M.},
  title = {Aging effects on the availability of herbicides to runoff transfer},
  journal = {Environmental Science \& Technology},
  year = {2007},
  volume = {41},
  pages = {1137-1141},
  abstract = {Realistic estimation of sorption parameters is essential to predict
	long-term herbicide availability in soils and their contamination
	of surface water and groundwater. This study examined the temporal
	change of an effective partition coefficient Kdeff for the herbicides
	simazine, diuron, and oryzalin from a 0.12 ha field experiment during
	7 vineyard growing seasons. Kdeff is the ratio of solvent extractable
	herbicide concentrations in the top soil (0-2 cm) to the average
	concentrations in runoff water and is considered to assess the effective
	availability of herbicides to runoff transfer. Kdeff increased largely
	with aging time since application, from values similar to those of
	the literature (determined in 24 h batch conditions, Kdref), up to
	88, 164, and 30 times these initial values for simazine, diuron,
	and oryzalin respectively. The seasonal variation of Kdeff values
	between years and compounds could be adequately described by a unique
	model, taking into account the cumulative rainfall since application
	and Kdref of each compound. This simple model was able to represent
	the influence of the soil moisture content and its changes in the
	different biological and physicochemical processes that may contribute
	to the (bio)available, sorbed, or entrapped state of any of the studied
	herbicides with aging time under Mediterranean climate.},
  doi = {10.1021/es061186q},
  endnotereftype = {Journal Article},
  file = {Louchart2007.pdf:Louchart2007.pdf:PDF},
  owner = {louchart},
  shorttitle = {Aging effects on the availability of herbicides to runoff transfer},
  timestamp = {2007.12.11}
}





@ARTICLE{Moussa2002b,
  author = {Moussa, R. and Voltz, M. and Andrieux, P.},
  title = {Effects of the spatial organization of agricultural management on
	the hydrological behaviour of a farmed catchment during flood events},
  journal = {Hydrological Processes},
  year = {2002},
  volume = {16},
  pages = {393-412},
  number = {Special issue "The future of distributed hydrological modelling"
	(K. Beven and J. Feyen eds.)},
  note = {SURM},
  abstract = {Field limits, tillage practices and ditch networks constitute man-made
	hydrological discontinuities in farmed catchments, and are expected
	to influence hydrological response during flood events. The purpose
	of this study is to assess the role of human impact, especially the
	existence of tillage practices and ditch network, on flood events.
	The study area is the farmed catchment of Roujan (0·91 km2) located
	in Southern France for which a spatially distributed hydrological
	model, MHYDAS, was developed and tested. The model considers the
	catchment as a series of interconnected field parts linked to the
	ditch network. Descriptions are provided for the main model procedures:
	computation of Hortonian excess rainfall on fields using the Green
	and Ampt approach, conversion of excess rainfall to surface runoff,
	interaction between ditch network and groundwater using a simple
	Darcian model and flood routing through the ditch network using the
	diffusive wave model. To analyse the role of both tillage practices
	and the ditch network, two sets of sensitivity analysis of the model
	were applied. The first set studied the role of tillage practices
	by comparing the actual spatial distribution of tillage practices
	on the catchment with three hypothetical scenarios. The second set
	studied the role of the ditch network by comparing the actual man-made
	ditch network with a hypothetical drainage network automatically
	extracted from a digital elevation model. Results show the importance
	of the role of tillage and the ditch network on the form of the hydrograph,
	the lag time, the runoff volume and the peak discharge. This technique
	could also be applied to study the impact of land use change on the
	hydrological behaviour of the catchment. Copyright © 2002 John Wiley
	& Sons, Ltd.},
  endnotereftype = {Journal Article},
  file = {Moussa2002b.pdf:Moussa2002b.pdf:PDF},
  keywords = {MHYDAS},
  owner = {louchart},
  pdf = {Moussa2002b.pdf},
  shorttitle = {Effects of the spatial organization of agricultural management on
	the hydrological behaviour of a farmed catchment during flood events},
  timestamp = {2008.10.13}
}

@ARTICLE{Voltz2001,
  author = {Voltz, M. and Louchart, X.},
  title = {Les facteurs clés de transfert des produits phytosanitaires vers
	les eaux de surface},
  journal = {Ingénieries - EAT},
  year = {2001},
  volume = {Numéro Spécial Phytosanitaires},
  pages = {45-54},
  note = {CHER},
  endnotereftype = {Journal Article},
  file = {Voltz2001.pdf:Voltz2001.pdf:PDF},
  owner = {louchart},
  pdf = {Voltz2001.pdf},
  publisher = {Cemagref},
  shorttitle = {Les facteurs clés de transfert des produits phytosanitaires vers les
	eaux de surface},
  timestamp = {2008.10.13}
}

@ARTICLE{Voltz2003b,
  author = {Voltz, M. and Louchart, X. and Andrieux, P. and Lennartz, B.},
  title = {Processes of pesticide dissipation and water transport in a Mediterranean
	farmed catchment},
  journal = {International Association of Hydrological Science},
  year = {2003},
  volume = {278},
  pages = {422-428},
 
  owner = {louchart},  
  shorttitle = {Processes of pesticide dissipation and water transport in a Mediterranean
	farmed catchment},
  timestamp = {2008.10.13}
}


@INCOLLECTION{Lagacherie2004,
  author = {Lagacherie, P. and Louchart, X. and Moussa, R. and Rio, P. and Causeret,
	F. and Frot, E. and Le Forner, E. and Andrieux, P. and Voltz, M.},
  title = {Essai de couplage d'un modèle hydrologique et d'un modèle agro-économique
	en vue d'analyser l'impact des mesures d'orientation de la viticulture
	méridionale sur la qualité des eaux à l'exutoire d'un bassin versant
	viticole},
  booktitle = {Organisation spatiale et conduite de culture},
  publisher = {INRA},
  year = {2004},
  editor = {Monestiez, P. and Lardon, S. and Seguin, B.},
  pages = {79-96},
  address = {Paris},
  endnotereftype = {Book Section},
  keywords = {MHYDAS diuron Roujan extraction dissipation transfer ditches},
  owner = {louchart},
  shorttitle = {Essai de couplage d'un modèle hydrologique et d'un modèle agro-économique
	en vue d'analyser l'impact des mesures d'orientation de la viticulture
	méridionale sur la qualité des eaux à l'exutoire d'un bassin versant
	viticole},
  timestamp = {2008.10.13}
}

@TECHREPORT{SEVE2006,
  author = {SEVE, Coll.},
  title = {SEVE -Sol Eau Végétation Energie- : Propositions pour la construction d’un système de modélisation du fonctionnement des surfaces continentales},
  year = {2006},
  url = {resources/biblio/docs/SEVE2006.pdf}  
}

@ARTICLE{Lennartz1997,
  author = {Lennartz, B. and Louchart, X. and Andrieux, P. and Voltz, M.},
  title = {Diuron and simazine losses to runoff water in mediterranean vineyards},
  journal = {Journal of Environmental Quality},
  year = {1997},
  volume = {26},
  pages = {1493-1502},
  number = {6},
  note = {CHER},
  endnotereftype = {Journal Article},
  file = {Lennartz1997.pdf:Lennartz1997.pdf:PDF},
  pdf = {Lennartz1997.pdf},
  shorttitle = {Diuron and simazine losses to runoff water in mediterranean vineyards},
  url = {http://jeq.scijournals.org/cgi/content/abstract/26/6/1493?maxtoshow=&HITS=10&hits=10&RESULTFORMAT=&author1=Lennartz&andorexactfulltext=and&searchid=1&FIRSTINDEX=0&sortspec=relevance&resourcetype=HWCIT}
}

@ARTICLE{Louchart2000,
  author = {Louchart, X. and Voltz, M. and Andrieux, P.},
  title = {Temporal variation in the availability of diuron to transport by
	overland flow},
  journal = {Comptes Rendus Académie des Sciences, série III-Sciences de la Vie},
  year = {2000},
  volume = {331},
  pages = {475-481},
  note = {CHER},
  doi = {http://dx.doi.org/10.1016/S1251-8050(00)01436-1},
  endnotereftype = {Journal Article},
  file = {Louchart2000.pdf:Louchart2000.pdf:PDF},
  pdf = {Louchart2000.pdf},
  shorttitle = {Temporal variation in the availability of diuron to transport by overland
	flow}
}

@ARTICLE{Louchart2001,
  author = {Louchart, X. and Voltz, M. and Andrieux, P. and Moussa, R.},
  title = {Herbicides transport at field and watershed scales in a Mediterranean
	vineyard area},
  journal = {Journal of Environmental Quality},
  year = {2001},
  volume = {30},
  pages = {982-991},
  number = {3},
  note = {CHER},
  endnotereftype = {Journal Article},
  file = {Louchart2001.pdf:Louchart2001.pdf:PDF},
  keywords = {diuron simazine Roujan},
  pdf = {Louchart2001.pdf},
  shorttitle = {Herbicides runoff at field and watershed scales in a Mediterranean
	vineyard area},
  url = {http://jeq.scijournals.org/cgi/content/full/30/3/982}
}

@ARTICLE{Louchart2004,
  author = {Louchart, X. and Voltz, M. and Coulouma, G. and Andrieux, P.},
  title = {Oryzalin fate and transport in runoff water in Mediterranean vineyards},
  journal = {Chemosphere},
  year = {2004},
  volume = {57},
  pages = {921-930},
  number = {8},
  note = {CHER},
  doi = {http://dx.doi.org/10.1016/j.chemosphere.2004.07.021},
  endnotereftype = {Journal Article},
  file = {Louchart2004.pdf:Louchart2004.pdf:PDF},
  keywords = {oryzalin Roujan vineyard},
  pdf = {Louchart2004.pdf},
  shorttitle = {Oryzalin fate and transport in runoff water in Mediterranean vineyards}
}

@ARTICLE{Louchart2005b,
  author = {Louchart, X. and Voltz, M. and Lennartz, B.},
  title = {Sorption behaviour of diuron under Mediterranean climate},
  journal = {Agronomy for Sustainable Development},
  year = {2005},
  volume = {25},
  pages = {301-307},
  note = {SORP},
  endnotereftype = {Journal Article},
  file = {Louchart2005b.pdf:Louchart2005b.pdf:PDF},
  keywords = {diuron drying desorption},
  pdf = {Louchart2005b.pdf},
  shorttitle = {Sorption behaviour of diuron under Mediterranean climate},
  url = {http://www.agronomy-journal.org/index.php?option=article&access=standard&Itemid=129&url=/articles/agro/abs/2005/02/a03103/a03103.html}
}

@ARTICLE{Voltz2003b,
  author = {Voltz, M. and Louchart, X. and Andrieux, P. and Lennartz, B.},
  title = {Processes of pesticide dissipation and water transport in a Mediterranean
	farmed catchment},
  journal = {International Association of Hydrological Science},
  year = {2003},
  volume = {278},
  pages = {422-428},
  endnotereftype = {Journal Article},
  file = {Voltz2003b.pdf:Voltz2003b.pdf:PDF},
  pdf = {Voltz2003b.pdf},
  shorttitle = {Processes of pesticide dissipation and water transport in a Mediterranean
	farmed catchment},
  url = {http://apps.isiknowledge.com/full_record.do?product=UA&search_mode=GeneralSearch&qid=1&SID=N266b4MppC1iLgL5gB8&page=1&doc=7&colname=WOS}
}
