% This file was created with JabRef 2.3.1.
% Encoding: UTF-8

@ARTICLE{MorelS1978,
  author = {Morel-Seytoux, H.},
  title = {Derivation of equations for variable rainfall infiltration},
  journal = {Water Resources Research},
  year = {1978},
  volume = {14},
  pages = {561–568},
}

@ARTICLE{Moussa2002,
  author = {Moussa, R. and Voltz, M. and Andrieux, P.},
  title = {Effects of the spatial organization of agricultural management on
	the hydrological behaviour of a farmed catchment during flood events},
  journal = {Hydrological Processes},
  year = {2002},
  volume = {16},
  pages = {393-412},
}

@ARTICLE{Green1911,
  author = {Green, W. and Ampt, G.},
  title = {Studies on soil physics part I : The flow of air and water through soils},
  journal = {Journal of Agricultural Science},
  year = {1911},
  volume = {4},
  pages = {1-24},
}

@ARTICLE{MorelS1984,
  author = {Morel-Seytoux, H.},
  title = {Crues et precipitations intenses: Système d'annonce-prévision-valeurs extrêmes - Prevision des crues-Modèles de la relation pluie-débit},
  journal = {Institut National Polytechnique-Ecole Nationale Supérieure d'Hydraulique, Grenoble},
  year = {1984},
  volume = {Fasicule III},
}

@ARTICLE{Chahinian2004,
  author = {Chahinian, N.},
  title = {Paramétrisation multi-critère et multi-échelle d'un modèle hydrologique spatialisé de crue en milieu agricole},
  journal = {PhD thesis, Montpellier II: Montpellier},
  year = {2004},
  pages = {238p + Annexes},
}

@ARTICLE{Chahinian2004b,
  author = {Chahinian, N. and Moussa, R. and Andrieux, P. and Voltz, M.},
  title = {Comparison of infiltration models to simulate flood events at the field scale},
  journal = {Journal of Hydrology},
  year = {2004},
  volume = {306},
  pages = {191-214},
}

@ARTICLE{Ghesquiere2008,
  author = {Ghesquiere, J.},
  title = {Intégration des mécanismes de débordement dans la modélisation hydrologique spatialisée des crues en milieu agricole},
  journal = {PhD thesis, Montpellier II: Montpellier},
  year = {2008},
  pages = {213p + Annexes},
}
