% This file was created with JabRef 2.3.1.
% Encoding: UTF-8

@ARTICLE{Moussa2002,
  author = {Moussa, R. and Voltz, M. and Andrieux, P.},
  title = {Effects of the spatial organization of agricultural management on
	the hydrological behaviour of a farmed catchment during flood events},
  journal = {Hydrological Processes},
  year = {2002},
  volume = {16},
  pages = {393-412},
}

@ARTICLE{Moussa1997,
  author = {Moussa, R. and Bocquillon, C.},
  title = {Algorithms for solving the diffusive wave flood routing equation},
  journal = {Hydrological Processes},
  year = {1996},
  volume = {10},
  pages = {105-123},
}

@ARTICLE{Moussa1996,
  author = {Moussa, R.},
  title = {Analytical Hayami solution for the diffusive wave flood routing with lateral inflow},
  journal = {Hydrological Processes},
  year = {1996},
  volume = {10},
  pages = {1209-1227},
}

@ARTICLE{Chahinian2004,
  author = {Chahinian, N.},
  title = {Paramétrisation multi-critère et multi-échelle d'un modèle hydrologique spatialisé de crue en milieu agricole},
  journal = {PhD thesis, Montpellier II: Montpellier},
  year = {2004},
  pages = {238p + Annexes},
}
